5000 5984
493 760 626 835 ,nodo
651 749 758 829 Musis
784 774 859 828 esse
878 748 955 849 ⁹²⁰)
982 733 1217 840 contenderet,
1257 748 1318 821 sed
1344 751 1444 820 etism
1478 748 1628 835 aMose¹
1656 750 1702 821 ad
1727 751 1787 822 eos
1811 752 1906 847 ipsos
1936 751 2093 851 philoso-

346 966 350 973 ,
522 885 631 982 phos,
652 881 745 953 nude
770 878 1020 960 assumsisset,
1044 870 1331 985 propagatam)
1380 876 1478 945 llaec
1502 875 1614 945 divina
1637 875 1746 946 Mosis
1772 879 1909 948 oracula
1944 881 1972 950 ei
2005 881 2098 953 velut

439 1040 444 1053 =
525 1007 694 1103 quaedum
718 1006 812 1097 quasi
835 1006 974 1074 stamina
996 1013 1101 1096 mant,
1125 1002 1282 1094 aquibus
1307 1016 1461 1069 exorsum
1484 1022 1559 1069 esse
1577 1009 1740 1093 vomam,
1761 1014 1839 1074 cum
1863 1024 1928 1101 per
1952 1027 1989 1075 se
2013 1029 2094 1078 cou-

446 1144 452 1156 ·
503 1144 726 1208 *maneum
750 1138 837 1218 crat,
869 1138 943 1198 tum
966 1152 1021 1199 res
1048 1129 1124 1221 ipsa
1147 1125 1340 1222 panndme
1365 1123 1486 1216 docet,
1515 1120 1724 1218 paratissima
1748 1135 1862 1216 erant,
1896 1150 1984 1223 quae
2014 1132 2098 1202 suh-

524 1261 657 1332 seminis
681 1257 759 1331 loco
783 1253 941 1325 insereret
964 1255 1009 1324 ad
1032 1250 1275 1349 pertexendam
1298 1249 1419 1341 telam,
1449 1250 1518 1318 alia
1542 1248 1689 1350 subsidia
1709 1250 1889 1344 plurima,
2081 1268 2084 1275 '

677 1396 897 1471 Accedebant
921 1398 1026 1489 enim,
1050 1397 1158 1486 un'de,
1180 1397 1255 1490 apis
1280 1397 1400 1484 instar,
1434 1396 1529 1466 favos
1554 1419 1632 1466 suos
1658 1396 1797 1493 explere
1821 1407 1958 1493 posset,
1997 1397 2098 1496 phi·

527 1521 764 1616 losophiae
789 1522 1017 1593 orientalis
1041 1531 1077 1592 et
1096 1523 1131 1590 iu
1151 1521 1268 1615 primis
1292 1520 1422 1614 patriae
1448 1479 1621 1620 leffium*
1639 1504 1968 1593 Gabbalisticae
1998 1536 2099 1640 prpts

528 1644 767 1720 florentissima
817 1646 906 1716 Nam
930 1646 1118 1715 sinensium
1149 1644 1303 1738 quidem,
1341 1645 1561 1736 Indaeorum,
1599 1645 1795 1733 Persamm,
1836 1645 2097 1741 Chaldaeomm,

528 1773 776 1868 Aegyptiorum
807 1779 956 1869 soterum
988 1769 1237 1865 philosophiam
1279 1792 1356 1839 cum
1386 1770 1421 1838 in
1445 1768 1589 1864 physica
1603 1862 1604 1865 Ἴ
1620 1768 1789 1862 doctrino,
1830 1779 1902 1856 tum
1926 1774 1961 1843 ln
1987 1774 2098 1845 ethica

528 1921 654 1994 magna
684 1919 730 1967 en
749 1903 847 1990 parte
872 1918 950 1965 cum
976 1894 1124 1966 Philonis
1147 1894 1296 1989 placitis,
1310 1872 1424 1967 ¹modo
1447 1919 1588 1992 prorsus
1611 1870 1789 1992 singulari,
1815 1898 2004 1991 convenire,
2029 1923 2099 1970 nou
2211 1954 2213 1959 -

656 2243 884 2345 νόμον1οιμοὶ
893 2271 921 2312 ν.
942 2253 973 2321 2.
996 2252 1068 2329 139,
1089 2249 1143 2319 36.
1164 2247 1388 2328 &consocietur
1406 2247 1521 2333 νόμους
1534 2255 1735 2335 χρησμοῖς.
1759 2255 1857 2327 1,16.
1885 2257 1924 2332 2,
1946 2251 2021 2331 141,
2042 2256 2097 2320 23.

656 2376 683 2418 τ.
696 2347 807 2434 νόμους
827 2346 1047 2433 ἐμφερεονοὶοην
1073 2349 1210 2418 εἰκόνα
1237 2349 1537 2437 τῆς.τ.’κοόμοο
1557 2355 1785 2428 πολιτείας..
1809 2360 1846 2433 2,
1874 2359 1955 2434 168,
1982 2356 2044 2423 44..
2065 2360 2097 2433 2,

630 2480 642 2491 “
655 2458 738 2529 296,
755 2457 808 2523 45.
829 2477 894 2537 yso
905 2453 984 2519 caol
1004 2449 1093 2537 νόμον
1106 2456 1128 2518 ἰ.
1151 2477 1178 2518 e.
1194 2455 1233 2516 ad
1247 2455 1512 2518 omnehumsnum
1526 2478 1619 2537 genus
1638 2455 1833 2536 pertinentes.
1868 2456 1951 2519 Arm.
1963 2463 2001 2534 2,
2022 2459 2096 2524 228.

658 2568 780 2620 sendus
791 2557 996 2637 mirabilisque
1009 2558 1085 2618 liber
1098 2558 1256 2620 Moericus.
1276 2560 1350 2626 315.
1370 2580 1432 2619 non
1445 2558 1666 2641 vituperabilis,
1691 2557 1805 2638 quippe
1819 2557 1931 2620 (lirina.
1952 2563 2025 2625 374.
2046 2578 2097 2617 ss·

660 2680 729 2722 crae
746 2661 851 2722 literae
872 2659 1039 2723 dominicae
1060 2661 1194 2721 omnium
1212 2681 1314 2722 rerum
1325 2661 1503 2722 verissimae.
1530 2664 1603 2729 422.
1631 2669 1736 2734 οοοοῐοΙ
1751 2658 1913 2741 divineque
1934 2650 2101 2742 scripture„

659 2760 771 2847 ἱερός
791 2757 914 2846 λόγος
934 2762 1023 2839 aliae,
1045 2762 1125 2843 quod
1139 2762 1253 2844 Orphei
1267 2769 1373 2844 poema
1385 2756 1601 2824 nobilissimum
1617 2771 1681 2822 erat
1692 2782 1724 2822 v.
1741 2761 1899 2825 Valkemr.
1924 2763 1961 2824 de
1977 2763 2099 2824 Aristo·

657 2863 730 2924 halo
742 2886 773 2946 p.
788 2867 842 2932 76.
858 2884 920 2944 sqq·
941 2865 1004 2932 654
1011 2909 1021 2941 ,
1044 2869 1095 2931 14.
1114 2858 1162 2928 'o'rr
1175 2861 1312 2947 responde
1332 2859 1421 2929 οὐδὲν
1436 2862 1533 2946 ὄνομα
1551 2866 1683 2946 τίθησιν.
1699 2896 1744 2913 -·
1785 2864 1866 2925 Hinc
1880 2865 1934 2939 fit,
1956 2874 1993 2927 nt
2007 2864 2099 2927 inli-
2175 2875 2177 2878 ’

656 2967 732 3027 teris
748 2967 875 3028 etiamst
890 2960 1012 3047 syllabis
1030 2978 1132 3028 noster
1145 2977 1300 3047 argutetur
1313 2988 1344 3031 v.
1363 2988 1389 3028 c.
1408 2962 1570 3049 Ἀβροιέμ
1589 2976 1619 3026 et
1632 2960 1741 3048 Σᾶῤῥ
1751 2991 1771 3029 α
1793 2965 1916 3027 nomina
1929 2966 2098 3028 essemulto
2189 2952 2193 2963 ’

657 3066 908 3146 significantiora‚
930 3088 1018 3147 qnam
1032 3062 1146 3152 Ἀβρὰμ
1160 3080 1190 3130 et
1203 3064 1300 3152 Σάον.
1322 3070 1403 3129 Arm.
1421 3075 1458 3146 2,
1481 3074 1553 3137 212.
1566 3074 1638 3138 228.
1659 3067 1712 3128 ubi
1725 3068 1759 3129 in
1770 3069 1874 3128 leudes
1888 3069 2043 3151 utrimque
2057 3067 2099 3128 li-
2138 3092 2147 3105 ·

656 3177 753 3246 terne,
782 3162 880 3250 cleto
899 3170 1052 3247 excurrit,
1080 3171 1215 3251 quamvis
1236 3172 1315 3232 idem
1328 3171 1401 3230 alibi
1427 3178 1471 3249 2,
1500 3172 1581 3248 488,
1603 3171 1656 3238 44.
1691 3170 1783 3231 rerba
1801 3153 1883 3232 dicat
1904 3190 1968 3234 esss
1986 3191 2098 3254 corpus

657 3270 826 3352 scriptumne
839 3290 957 3346 sacrae,
977 3273 1137 3333 sententies
1154 3274 1300 3355 subjectas
1314 3283 1450 3335 mentem.
1884 3322 1887 3327 .

613 3369 678 3456 ¹¹⁰)
700 3375 738 3451 6,
759 3376 809 3441 84.
831 3370 991 3447 Meletos
1007 3372 1271 3463 ἃὲἐοοινδδργμα
1289 3381 1389 3456 τοῦτο,
1411 3371 1468 3442 οὐκ
1483 3368 1567 3456 ἐμόν.
1596 3375 1672 3451 646,
1706 3372 1761 3440 34.
1796 3379 1836 3452 2,
1864 3377 1943 3456 253,
1971 3379 2027 3445 67·
2066 3379 2097 3451 2,

625 3482 636 3511 x
655 3474 737 3551 471,
758 3481 789 3542 7.
810 3476 885 3557 μηδ
893 3470 933 3537 t'v
954 3475 1122 3541 οἴκοθεν
1143 3475 1297 3543 ἕνεηοτοῦ
1307 3476 1657 3562 βελτιοῖοοιπροςτιθεὶς.
1673 3475 1761 3539 'Arm
1778 3483 1814 3554 1,
1839 3480 1909 3546 125.
1933 3477 1985 3540 fin.
2013 3477 2097 3538 laci-
2166 3536 2168 3539 ,

654 3576 726 3660 pio,
747 3576 874 3637 sednon
889 3575 1071 3656 doctrinam
1092 3578 1240 3663 interpres
1254 3578 1333 3642 enim
1353 3603 1429 3659 sum,
1452 3600 1513 3640 non
1525 3579 1641 3638 doctor.
1683 3577 1799 3639 discent
1811 3579 1889 3639 enim
1903 3578 1935 3655 ii,
1957 3579 2007 3658 quai
2022 3599 2096 3660 pro-

656 3678 756 3760 priam
767 3668 920 3747 scientiam
933 3679 1059 3740 edocent
1066 3681 1151 3741 ulios.
1194 3674 1362 3765 Exponunt
1376 3693 1474 3744 autem
1488 3681 1544 3758 illi,
1566 3680 1618 3760 qui
1633 3679 1670 3739 ab
1684 3678 1752 3739 aliis
1765 3680 1870 3741 auditu
1883 3689 2023 3761 percepta
2039 3701 2098 3741 ex·

527 3802 532 3811 ·
656 3790 723 3842 ecte
744 3781 889 3841 memorie
912 3782 1062 3858 referunt,
1084 3802 1146 3843 non
1159 3804 1270 3865 paucos
1285 3785 1556 3846 Alexandrinorum
1570 3783 1835 3862 Romanorumque
1847 3782 1878 3840 in
1894 3802 1985 3841 unum
1997 3783 2098 3844 locum

656 3884 885 3962 congregantes,
916 3883 997 3944 viros
1012 3885 1139 3965 optimos
1155 3894 1185 3947 et
1200 3887 1326 3947 selectos
1342 3896 1428 3966 atque
1442 3886 1611 3968 praecipuis
1626 3883 1800 3966 principiis,
1835 3883 1950 3943 musice
1973 3884 2099 3966 aliisque

656 3983 873 4046 eruditionibus
895 3974 1029 4046 ornatos.¹
1067 3986 1222 4048 Caeterum
1233 3998 1338 4049 noster
1354 3989 1497 4048 Graecam
1520 3987 1558 4051 V.
1573 3988 1608 4047 T.
1619 3988 1808 4063 versionem,
1837 3987 1949 4067 quippe
1962 3986 2098 4047 divinem
2122 4004 2128 4019 ¹

654 4092 693 4165 2,
716 4091 793 4162 140,
818 4090 1009 4168 10·„presso
1020 4087 1095 4168 pede
1108 4089 1258 4169 sequitur,
1279 4089 1312 4149 id
1327 4088 1410 4168 quod
1424 4108 1463 4149 ex
1476 4090 1555 4166 124,
1577 4094 1628 4156 39.
1654 4089 1693 4148 ad
1707 4088 1782 4147 Gen.
1801 4091 1833 4163 3,
1857 4089 2001 4169 15.ο12,
2024 4093 2097 4181 151,
2151 4166 2154 4171 ,

655 4192 687 4255 6.
714 4188 752 4248 sd
769 4189 841 4249 lev·
862 4187 921 4264 24,
951 4196 981 4256 7.
1009 4201 1148 4272 sppuret3
1178 4212 1236 4272 qno
1252 4191 1344 4271 magis
1363 4190 1479 4252 mireris
1494 4190 1644 4250 licentiam
1657 4190 1738 4281 ejus,
1769 4190 1846 4269 qua,
1873 4209 1954 4250 mors
1973 4209 2097 4270 prorsus

655 4288 844 4352 Aristobuleo
861 4290 1032 4374 (Vellenan
1046 4289 1135 4355 distr.
1149 4316 1180 4375 p.
1194 4290 1263 4377 86.)
1271 4341 1283 4371 ,
1295 4302 1297 4307 “
1310 4304 1429 4355 tantum
1447 4290 1504 4351 albi
1514 4292 1607 4352 licere
1621 4290 1792 4372 putaverit,
1818 4300 1870 4368 nt,
1900 4290 2098 4370 quemadmo-

525 4410 530 4417 ·
655 4389 813 4468 6661880,
835 4397 886 4460 26.
897 4392 1027 4454 'Hesiodi
1039 4394 1147 4454 verba:
1166 4392 1253 4478 Ἔργ.
1266 4402 1339 4464 289.
1355 4399 1427 4464 290.
1449 4397 1537 4457 θεοῖ
1555 4388 1726 4456 ἀθάνατον
1744 4390 1886 4472 ἔθηκαν
1908 4391 2037 4451 mutavit
2048 4392 2117 4456 ine

655 4490 743 4568 θεδς
772 4489 947 4569 ἀθάνατος
968 4495 1113 4576 ἔθηκεν,
1141 4494 1185 4555 ita
1204 4496 1284 4557 idem
1308 4483 1475 4578 scripturae
1495 4513 1596 4555 sacrae
1618 4512 1699 4554 nunc
1718 4493 1870 4554 omitteret
1883 4493 2023 4556 noemam
2036 4492 2099 4554 sli-

641 4584 744 4676 ‘qusm
757 4618 790 4660 v.
808 4618 835 4662 ο.
851 4600 921 4673 scir·
941 4597 1020 4665 684.
1043 4602 1071 4662 1.
1094 4598 1146 4660 cll.
1159 4598 1256 4660 Lavit.
1280 4603 1336 4676 16,
1367 4603 1419 4665 17.
1441 4612 1530 4657 'nunc
1551 4594 1723 4657 immutaret
1738 4614 1770 4659 r.
1787 4617 1816 4663 ο..
1827 4587 1887 4684 ᾆδε
1906 4603 1938 4655 et
1957 4593 2098 4681 ἐγχωρεῖν
2118 4674 2120 4681 y

424 4754 427 4763 .
523 4702 528 4711 '
653 4694 995 4780 ρέοὸδεοῐένχωρήβ.
1018 4703 1099 4775 687,
1120 4702 1171 4764 49.
1199 4698 1425 4770 acaron-17,
1447 4700 1477 4764 6·
2003 4752 2006 4761 .

525 4820 544 4833 ·’
568 4842 572 4851 .
598 4792 673 4882 ⁴¹⁸¹)
695 4801 740 4860 lto
752 4801 932 4879 legislatores
946 4800 1127 4861 Graecorum
1140 4805 1169 4876 2,
1189 4802 1264 4878 845,
1284 4805 1335 4868 42.
1357 4809 1387 4859 et
1398 4796 1573 4879 philosophi
1591 4818 1623 4860 v.
1636 4819 1663 4862 ο.
1678 4798 1848 4861 Heraclitus
1869 4799 1951 4860 Arm.
1972 4803 2003 4876 2,
2027 4804 2098 4868 178

624 4953 637 4971 ,
652 4904 726 4977 869,
738 4910 818 4967 extr.
840 4902 919 4963 Zeno
931 4907 963 4980 2,
977 4905 1050 4978 464,
1065 4899 1183 4968 6.οο11.
1203 4905 1236 4980 2,
1257 4900 1331 4981 463,
1351 4905 1404 4978 26,
1419 4918 1473 4962 sus
1486 4921 1504 4960 a
1515 4900 1606 4965 Musis
1619 4903 1705 4969 fonte
1714 4899 1869 4965 derivasse
1883 4899 2042 4964 donato.
