5000 5984
400 2227 506 2342 Sunt
530 2281 642 2342 certae
663 2246 846 2362 quaedam,
881 2283 917 2343 ut
935 2274 969 2343 in
990 2275 1080 2344 omni
1099 2273 1270 2373 literarum
1290 2293 1435 2368 genere,
1466 2270 1513 2339 ita
1531 2271 1566 2341 in
1587 2270 1761 2364 tlreologio
1779 2272 1968 2366 opiniones,

400 2378 500 2489 quue'
514 2417 578 2467 usu
610 2406 768 2490 receptae
797 2408 832 2468 et
869 2422 891 2466 a
926 2400 1107 2470 maioribus
1140 2423 1205 2494 per
1242 2422 1359 2470 manus
1386 2395 1529 2466 traditae
1556 2397 1640 2466 sicut
1677 2396 1768 2465 numi
1796 2400 1908 2468 valent
1922 2401 1970 2469 *iu

402 2521 607 2591 commerciis
624 2521 831 2595 literatorum
847 2521 1020 2595 hominum
1036 2534 1231 2617 tantamque
1248 2530 1414 2594 uetustate
1426 2543 1493 2590 non
1510 2521 1617 2591 miuus
1641 2542 1746 2611 quam
1770 2519 1970 2589 clarissimo-

313 2678 323 2687 ·
400 2666 475 2714 rom
499 2645 646 2717 virorum
665 2647 906 2741 approbatione
933 2659 1160 2741 consequutae
1179 2660 1255 2720 sunt
1278 2648 1507 2718 auctoritatem
1516 2699 1532 2735 ,
1568 2669 1626 2714 eas
1653 2654 1700 2714 ut·
1719 2646 1882 2737 attingere
1904 2622 1968 2717 'aut

279 2808 281 2813 ·
401 2769 498 2837 etium
512 2769 641 2840 ‘uiolare
659 2773 812 2865 religioni
831 2778 979 2842 ducatur.
1030 2774 1111 2861 Quo
1128 2777 1162 2845 in
1179 2797 1320 2844 numero
1345 2769 1575 2865 reponendam
1603 2793 1697 2856 esse,
1732 2791 1834 2860 quum
1864 2769 1970 2863 pleri-

401 2914 467 2986 que
485 2891 639 2988 theologi
664 2917 725 2966 ore
744 2907 777 2965 et
803 2897 1101 2990 scriptis‘prol'essi
1120 2907 1214 2987 sunt,
1248 2897 1293 2968 de
1319 2884 1406 2996 λόγῳ
1432 2893 1598 2985 Plriloneo
1625 2894 1841 2978 sententiam,
1872 2895 1968 2964 affir-

399 3039 491 3089 mare
508 3042 576 3088 non
602 3019 727 3090 dubito.
777 3021 868 3091 Nam
886 3043 990 3113 quum
1007 3022 1107 3093 nemo
1124 3025 1165 3093 sit
1182 3004 1319 3110 eorum,
1343 3020 1403 3112 qui
1419 3020 1540 3089 iustam
1557 3027 1592 3090 et
1607 3018 1791 3111 legitimam
1808 3010 1969 3092 librorum
2046 3108 2055 3115 ρ

398 3164 569 3217 sacrorum
592 3145 898 3238 interpretationem
916 3147 1035 3217 iisdem
1052 3149 1203 3242 legibus,
1233 3170 1320 3239 quae
1338 3144 1576 3239 prosauorum,
1607 3165 1694 3234 quos
1714 3141 1850 3228 dicunt,
1884 3147 1969 3214 ucri·

397 3277 535 3360 ptorum
559 3281 711 3338 ueterum
728 3269 902 3364 interpreti
918 3274 1112 3367 propositae
1131 3283 1226 3356 sunt,
1261 3271 1369 3340 teneri
1388 3277 1564 3356 censeant,
1599 3266 1681 3357 quin
1709 3267 1803 3336 suam
1831 3255 1906 3336 sibi
1922 3269 1967 3339 do

396 3385 483 3492 idqq
498 3390 664 3464 Pluiloneo
690 3396 885 3464 sententiam
903 3407 1015 3468 mente
1030 3396 1281 3483 informaverit,
1312 3403 1425 3463 tamen
1442 3392 1499 3463 hic
1517 3393 1612 3463 locus
1634 3397 1763 3489 tantum
1781 3389 1895 3480 abest,
1929 3405 1967 3463 ut

276 3498 280 3505 ¹
375 3515 433 3587 ·in
448 3516 682 3614 pervestigatio
706 3516 883 3590 habendus
902 3521 964 3610 sit,
988 3531 1026 3590 ut
1044 3546 1089 3593 ne
1108 3508 1184 3593 salla
1204 3521 1398 3615 explanatus
1417 3516 1554 3610 quidem
1572 3513 1684 3584 adhuc
1704 3536 1777 3583 esse
1802 3518 1964 3590 videatur.

399 3637 503 3727 Quod
521 3627 609 3713 enim
634 3643 768 3733 dicunt,
798 3639 894 3741 λὸγον
912 3658 987 3716 esse
1006 3646 1196 3742 duplicem,
1216 3641 1393 3737 ἐνδιάθςτον
1409 3652 1444 3711 et
1459 3636 1672 3739 προφορικόν,
1687 3634 1838 3708 “medium
1855 3665 1963 3735 quan·

209 3850 212 3859 ¹
271 3802 276 3809 ·
399 3759 478 3834 (lum
493 3762 605 3875 Deum
621 3769 707 3839 inter
731 3767 948 3863 hominesque
963 3782 1148 3863 naturum,
1163 3772 1307 3844 eandem
1325 3790 1403 3839 cum
1420 3765 1532 3834 divina
1549 3724 1710 3859 sapientil
1726 3771 1761 3834 et
1777 3786 1840 3856 per
1856 3788 1965 3856 quan·

263 3960 265 3969 .
398 3886 480 3959 dum
506 3895 599 3981 quusi
625 3895 871 3973 emanationem
903 3918 946 3965 ex
963 3897 1039 3990 ipso
1058 3897 1378 3991 Deoprognatum,
1410 3888 1559 3961 Philonis
1579 3898 1690 3959 autem
1709 3888 1753 3959 de
1772 3910 1814 3956 ea
1831 3900 1964 3960 seuten-

397 4012 478 4082 tiam
504 4034 580 4083 curn
604 4040 648 4089 ex
671 4018 880 4090 orientolium
912 4023 1047 4113 ultique
1071 4020 1307 4115 philosophia,
1344 4027 1418 4086 tum
1441 4034 1523 4109 vero
1547 4033 1590 4080 cx
1613 4012 1847 4081 Hebraeorum
1872 4013 1963 4085 libris

354 4238 359 4243 ι
398 4137 500 4207 rueris
525 4147 584 4247 aut
599 4139 744 4214 Plutonis
770 4145 913 4217 decretis
932 4147 1096 4241 originem
1120 4145 1274 4234 duxisse,
1303 4140 1390 4213 illud
1412 4136 1550 4229 quidem
1574 4157 1617 4204 ex
1639 4145 1736 4230 parte
1759 4159 1876 4206 uenum
1903 4149 1963 4225 est,
2085 4216 2093 4241 ι

396 4260 460 4331 red
482 4282 693 4355 nequequam
710 4270 745 4338 in
761 4271 826 4340 isto
844 4280 920 4341 sunt
938 4271 1063 4342 omnia:
1094 4280 1133 4341 ut
1154 4271 1192 4341 in
1215 4270 1284 4340 hac
1308 4275 1400 4336 unu
1422 4285 1492 4333 non
1516 4261 1626 4330 eolmn
1648 4261 1751 4353 ipffls
1776 4263 1962 4353 argumenti
2003 4350 2007 4365 ,

332 4410 336 4417 '
397 4384 459 4455 ted
484 4366 583 4459 etium
602 4386 862 4486 disputationum
880 4394 924 4467 de
943 4418 986 4466 eo
1005 4404 1202 4494 argumento
1229 4394 1429 4488 agitaturum
1452 4385 1615 4503 ambiguo¹
1637 4392 1672 4454 et
1688 4384 1812 4497 incerta
1836 4385 1960 4455 obscu-

388 4512 492 4584 ritate
500 4567 515 4604 ,
541 4513 634 4606 quid'
648 4537 729 4587 vero
746 4520 797 4589 rei
815 4521 856 4590 sit
881 4530 918 4591 et
935 4521 1019 4613 quid
1037 4520 1101 4590 sibi
1117 4519 1196 4591 inde
1214 4516 1362 4609 utilitatis
1381 4515 1427 4584 ad
1442 4513 1589 4607 priuatos
1607 4518 1641 4581 et
1663 4506 1862 4577 domesticos
1882 4530 1960 4577 usus
2079 4544 2084 4559 ι

395 4618 598 4730 capiendum
616 4661 689 4710 esre
713 4652 853 4734 putent,
887 4626 1099 4738 uplerisque
1121 4644 1303 4737 ignoretur.
1361 4640 1481 4731 ltaque
1508 4655 1614 4727 quum
1639 4631 1825 4720 viderem,
1842 4631 1901 4720 qui
1924 4637 1961 4700 iu

208 4750 213 4757 ’
298 4816 303 4830 ,
394 4740 685 4855 hocarquneno
705 4766 904 4858 explicando
922 4767 1035 4837 a‹llruc
1053 4769 1173 4838 vereat
1192 4776 1287 4856 sunt,
1312 4789 1423 4860 paene
1441 4761 1487 4833 ad
1503 4782 1609 4831 unum
1625 4778 1742 4828 omues
1767 4762 1825 4823 aut
1851 4775 1872 4819 a
1896 4773 1960 4844 po-

354 4890 360 4899 ’
395 4890 486 4955 Μ
502 4886 665 4971 eeclesiae
682 4887 826 4961 lectione
838 4902 993 4964 recenter
1012 4892 1058 4963 ad
1075 4892 1222 4964 Philonis
1239 4891 1385 4963 studium
1406 4886 1584 4966 accessisse
1598 4892 1650 4971 et,
1662 4902 1759 4973 quoe
1776 4874 1869 4972 apud
1886 4875 1960 4945 illos

816 5022 819 5033 ¹
1525 5020 1550 5092 l
