5000 5984
414 745 527 841 locum
544 753 694 836 occupet
702 782 719 835 ‚‚
727 742 922 837 pertuderit
933 736 970 812 in
983 738 1141 833 bordeiz,
1155 743 1217 815 τοῦ
1233 740 1371 838 βραχέος
1383 737 1525 838 κόσμου,
1540 714 1841 843 uatumirdiridu‘a
1860 732 1985 843 λόγυς

413 862 609 949 interserit
628 862 669 939 'et
694 870 893 962 alcinous
917 865 1130 958 interpositus
1152 876 1222 957 est,
1247 866 1523 960 hocplmirsimo
1541 879 1694 943 consue
1708 871 1868 974 arbitror:
1912 872 1984 942 Sed

414 989 702 1087 quemadmodum
713 995 789 1087 ipsa
799 985 948 1063 Philonis
961 990 1135 1085 theologia
1159 991 1296 1062 diversis
1316 1015 1358 1062 ex
1389 994 1560 1064 elementis
1584 996 1726 1064 conflata
1757 1004 1825 1081 est,
1857 996 1904 1064 ita
1922 1002 1982 1070 ‘rui

416 1120 500 1193 θείου
514 1115 613 1214 λόγου
634 1102 1103 1211 quam-notionemoxlribuit,
1127 1115 1185 1184 illa
1206 1126 1483 1211 pro'auetorum,
1509 1138 1594 1210 quoa
1610 1122 1788 1212 ‚sequium
1812 1121 1983 1213 varietme,
2178 1190 2181 1197 ,

327 1232 332 1241 ’
416 1245 528 1316 varios
540 1238 682 1313 subinde
700 1245 830 1314 colores
846 1241 949 1313 duxit
1000 1236 1135 1323 Etenim
1160 1244 1349 1345 ervulgari
1372 1235 1583 1314 dudaeorum
1603 1216 1762 1336 opinione
1780 1243 1825 1314 de
1845 1246 1990 1350 angelis,
2071 1317 2074 1325 ,

415 1380 536 1464 utpote
563 1370 714 1438 ministris
741 1366 806 1438 Ilei
829 1367 954 1461 geniis,
995 1372 1048 1433 eut
1081 1358 1137 1435 ille
1169 1368 1367 1462 angolorum
1395 1371 1572 1463 princeps,
1598 1363 1899 1464 ’ἀρχάγγελοςς
1927 1390 1983 1441 ex

337 1587 341 1597 Ι
416 1476 541 1565 ιοιοοόοό
563 1478 734 1563 doctrinae
760 1482 954 1562 Platonicae
970 1488 1036 1561 ‘est
1075 1491 1170 1565 ἰδέα
1202 1488 1339 1586 loeus,
1384 1488 1513 1564 ceteras
1543 1516 1659 1563 omues
1687 1493 1781 1565 ideas
1815 1494 1887 1567 sinu
1921 1519 1982 1567 suo
2015 1576 2016 1581 η

417 1603 826 1711 complexa,'rerumque
855 1596 1175 1707 omrdumsctiuog,
1217 1616 1421 1716 opposta
1457 1617 1711 1689 exstoicorum
1740 1619 1902 1689 sententia
1932 1633 1984 1691 est

417 1738 833 1835 animamundi,aotudc
852 1737 981 1837 λόγος
1002 1736 1019 1814 ό
1042 1738 1101 1816 ose
1122 1737 1292 1823 πάντων
1316 1723 1565 1841 ἐρχόμενοςξ
1589 1742 1736 1833 denique
1751 1764 1795 1813 cx
1810 1743 1994 1820 Cabbalae.

417 1866 787 1953 Judaeornmdecretis
805 1876 856 1937 est
868 1867 1026 1960 princeps
1039 1868 1141 1939 trium
1154 1868 1286 1938 illarum
1302 1878 1361 1938 aut
1372 1878 1523 1962 septem,
1549 1872 1607 1937 aut
1629 1867 1749 1943 decem
1770 1868 1981 1961 sophirarum

417 1987 631 2087 (δυνάμεων),
653 2014 736 2083 quus
750 2002 917 2085 perpetuo
928 1994 1065 2062 flumine
1082 2014 1125 2062 ex
1136 1993 1214 2062 Deo
1234 2012 1390 2064 emanue
1410 1995 1554 2085 Deoque
1568 1992 1604 2061 in
1618 1990 1733 2061 reruni
1746 1996 1894 2064 mnium
1909 1997 1996 2066 sive.

391 2144 395 2151 ¹
418 2094 587 2186 creatione
601 2116 669 2186 sive
685 2115 967 2187 administratione
977 2119 1153 2210 inservire,
1173 2099 1265 2189 fama
1282 2127 1363 2195 erat.
1396 2120 1486 2189 Nam
1500 2117 1708 2220 doetrinade
1722 2118 1863 2211 eepbiris'
1875 2122 1982 2213 perti-

351 2248 354 2255 ’
417 2244 519 2333 nebat
542 2240 587 2311 ad
610 2242 816 2341 disciplinam
836 2242 969 2332 arcani,
1001 2267 1102 2334 quam
1121 2246 1226 2335 quum
1246 2245 1387 2338 vulgare
1407 2243 1569 2337 ‘religioni
1584 2241 1790 2328 duceretur,
1815 2266 1882 2312 non
1903 2268 1981 2313 casu

419 2369 567 2460 quodam
580 2366 735 2457 fortuito,
761 2364 822 2435 sed
837 2365 1022 2435 deliberato
1040 2366 1175 2435 consilio
1187 2367 1268 2438 fecit
1279 2366 1416 2457 noster,
1434 2378 1473 2437 ut
1490 2367 1647 2463 orationis
1664 2367 1878 2459 ambiguitate
1896 2393 1980 2458 qua·

418 2482 498 2564 dem
521 2514 594 2561 rern
616 2491 797 2560 obscurans
820 2492 1023 2589 significaret
1049 2491 1161 2584 potins
1185 2492 1335 2586 initiatis,
1370 2517 1472 2587 quam
1487 2497 1589 2589 plane
1609 2491 1797 2563 declararet
1817 2493 1980 2586 profanis.

419 2619 518 2706 Quae
535 2616 672 2708 quidem
687 2613 971 2713 pbilosophorrnn
989 2614 1115 2708 placita
1134 2639 1237 2709 quum
1250 2586 1336 2689 inter
1358 2643 1395 2691 se
1418 2619 1549 2689 diversa
1569 2624 1696 2705 essent,
1721 2625 1756 2685 et
1776 2617 1909 2711 evulgi
1927 2617 1981 2685 in·
2037 2627 2041 2638 ¹

327 2766 332 2770 ·
418 2743 601 2838 telligentia
616 2763 781 2832 sensuque
794 2749 935 2832 remota,
959 2749 1032 2809 tum
1049 2738 1172 2811 vero'a
1187 2714 1472 2833 nostro,diceridi
1493 2743 1636 2832 mtifice,
1658 2763 1726 2809 non
1742 2742 1868 2832 solum,
1892 2742 1981 2821 mule

368 2883 371 2886 ⁴
419 2869 460 2941 tis
473 2867 718 2949 simulationum
728 2864 905 2969 involucris
925 2872 958 2935 et
973 2866 1069 2957 quasi
1082 2867 1163 2937 velis
1179 2868 1381 2958 quibusdam
1396 2868 1675 2957 obtendereutur,
1700 2867 1876 2953 sedetiam
1896 2867 1982 2936 inter

308 2984 313 2993 ἲ
338 3009 344 3021 ’
420 3019 456 3067 se
471 2995 613 3083 invicem
626 2991 673 3058 ita
684 2988 971 3069 confunderentur¹
982 3013 1023 3060 ac
1035 2993 1331 3084 permiscerentur,
1356 3005 1395 3069 ut
1407 2990 1523 3089 λόγος,
1540 2988 1692 3088 ἄγγελοι,
1717 2986 1860 3088 χάριτες,
1885 2992 1981 3081 ἰδέαι,

419 3105 537 3209 τόποι,
562 3115 757 3214 σφραγῖδες,
784 3117 908 3212 μέτρα,
933 3111 1088 3212 δυνάμεις
1103 3141 1206 3187 unum
1223 3118 1381 3211 idemque
1396 3126 1570 3210 sonarent,
1595 3140 1663 3187 uon
1675 3116 1796 3186 rubum
1813 3116 1981 3214 profecto,

420 3242 570 3317 Philonis
589 3240 766 3309 lectionem
780 3238 881 3331 dum,
908 3262 994 3331 quae
1009 3241 1204 3337 theologiae
1226 3243 1300 3336 ejus
1326 3246 1492 3318 elementa
1512 3251 1639 3332 essent,
1664 3263 1731 3310 uon
1749 3240 1877 3332 liquido
1896 3262 1981 3311 cou-

420 3377 541 3458 staret,
567 3375 636 3435 tam
656 3363 851 3456 impeditam
876 3365 994 3441 ¹nn'dtis
1016 3391 1090 3439 esse
1104 3368 1226 3458 mam,
1252 3392 1327 3459 eam
1338 3380 1376 3439 ut
1387 3393 1498 3463 prope
1513 3369 1632 3441 abesse
1640 3363 1834 3458 judicarent
1848 3364 1892 3435 ab
1907 3366 1981 3437 Ae·

419 3486 507 3566 neae'
517 3491 562 3561 ad
574 3490 696 3559 inferos
711 3488 890 3578 descensu,
916 3493 1134 3580 quem-talem
1153 3494 1263 3563 fidere·
1272 3495 1403 3588 scripsit
1420 3493 1595 3588 Virgilius,
1619 3490 1719 3582 quale
1738 3490 1982 3583 perincertum
2111 3502 2116 3511 ‘

420 3620 533 3691 lunam
548 3615 610 3685 sub
627 3616 703 3683 luce
715 3614 861 3712 maligna
887 3624 937 3684 est
951 3607 1014 3685 ite'r
1034 3619 1068 3686 in
1089 3619 1196 3711 silvis,
1216 3612 1220 3617 ’
1238 3619 1298 3688 ubi
1321 3621 1460 3691 coelum.
1472 3614 1621 3689 condidit
1651 3615 1771 3685 umbra
1791 3613 1926 3708 Jupiter
1946 3624 1981 3683 et

421 3743 521 3817 rebus
533 3762 600 3811 nox
613 3738 746 3808 abstulit
760 3740 832 3807 atra
846 3739 995 3811 colorem
1023 3743 1125 3834 (Aen
1142 3747 1177 3830 6,
1191 3746 1307 3837 270).

396 3852 400 3861 i
502 3866 534 3963 J
570 3865 642 3936 Sed
655 3865 756 3934 όίηοιιι
772 3863 986 3956 disputationi
1000 3867 1175 3961 imponere
1192 3892 1297 3960 quum
1312 3872 1469 3943 solemnis
1481 3870 1555 3964 ejus
1570 3862 1764 3958 diei,‹cojus
1785 3860 1981 3934 indicendae

306 4060 310 4067 .
420 3989 830 4095 eausa'eaconscriptaest‚
839 3991 1123 4084 appropinquatio
1125 3989 1714 4088 jubeattumrerobeneflciorumin
1723 4011 1778 4056 me
1786 3989 1982 4056 collatorum
2063 4076 2065 4079 Ι
2188 4058 2191 4065 ,

417 4118 582 4191 memoria
596 4126 630 4183 et
646 4116 893 4207 exoptatissima
906 4117 1038 4210 pietatis
1052 4119 1189 4211 publice
1203 4117 1425 4189 declarandae
1446 4115 1677 4215 opportunitas
1701 4112 1840 4204 flagitat
1891 4112 1980 4181 Nam
2009 4170 2013 4183 .

323 4240 327 4246 ’
418 4267 525 4336 quum
553 4239 783 4332 Angustissinri
810 4249 845 4309 et
875 4241 1096 4311 Potentissimi
1121 4240 1229 4337 Regis
1262 4245 1447 4332 Saxoniae,
1474 4239 1675 4312 ANTONll
1701 4232 1978 4310 GLElVOENTIS
1997 4266 2002 4281 ι

418 4362 675 4449 remonon}
688 4362 857 4455 auspiciis,
873 4365 1029 4436 Virorum
1043 4366 1357 4457 Illustrissimorum,
1382 4370 1441 4461 qui
1458 4388 1622 4438 summam
1642 4387 1755 4433 rerum
1767 4359 1979 4455 evangelica·
2091 4346 2095 4351 ’

419 4516 494 4565 rum
511 4515 574 4585 per
587 4501 691 4561 terras
703 4488 828 4581 patrias
847 4512 927 4558 cura
952 4493 1192 4584 sapientissima
1213 4493 1458 4582 administrant,
1491 4490 1627 4578 consilio
1649 4498 1751 4581 atque
1773 4485 1979 4571 auctoritate,

419 4600 559 4692 Summe
574 4612 779 4683 Venerabilis
793 4611 1050 4708 Theologorum
1068 4616 1202 4687 Ordinis
1229 4618 1518 4688 commendatione
1539 4623 1574 4684 et
1594 4615 1628 4682 in
1647 4637 1702 4682 me
1724 4609 1872 4681 ornando
1898 4630 1980 4675 con-

419 4765 538 4839 sensu,
549 4758 668 4809 munus
681 4735 884 4806 Prolessoris
902 4739 1116 4835 Theologiae
1131 4739 1263 4811 Publici
1277 4742 1444 4813 Ordinarii
1457 4738 1640 4834 Lipsiensis
1659 4736 1741 4807 mihi
1754 4720 1979 4805 honoriticen-

420 4870 546 4943 tiseime
563 4860 804 4934 demandatum
818 4861 874 4951 sit,
888 4886 932 4932 ne
946 4868 1001 4935 vel
1013 4868 1099 4953 mori
1108 4869 1275 4963 majorum
1288 4869 1343 4939 vel
1355 4871 1470 4939 officio
1486 4891 1527 4937 ac
1540 4867 1652 4962 potius
1665 4861 1780 4954 pietati
1795 4859 1913 4929 deesse
1928 4857 1979 4924 vi·
