5000 5984
303 804 308 815 ,
422 734 613 811 samem
657 710 1489 841 Nmecsmsiuhtnmumnsjsshisteuia
1514 730 1778 851 uttpccrm
1802 736 1998 839 nllrilprae-
2122 834 2126 843 ι

339 888 343 897 ·
422 860 570 941 stabilius
591 858 704 929 diriuo
728 881 865 941 munere
889 857 1005 931 datum
1023 868 1130 963 atquc
1148 879 1344 945 concessum
1366 866 1416 931 est
1433 858 1635 955 evaugelio
1627 842 1713 931 Jesu
1731 861 1871 956 Christi,
1905 869 2007 981 quod

423 986 559 1059 coelesti
580 985 716 1057 numine
738 1006 815 1053 cum
838 1005 967 1078 genere
991 981 1139 1063 hnmano
1166 982 1446 1055 communicatum
1467 1005 1557 1070 esse,
1593 986 1838 1058 cordatissimus
1859 991 1999 1091 quisque

420 1111 480 1205 pio
494 1117 661 1207 gratoque
677 1100 891 1181 animaene
904 1108 1097 1202 profitetur,
1122 1128 1224 1177 nemo
1240 1117 1353 1179 tamen
1366 1106 1447 1177 dicti
1463 1086 1550 1177 illius
1571 1104 1717 1180 Pauliniz
1726 1112 1904 1215 ἔχομεν
1870 1123 1999 1212 rereq-

347 1280 352 1295 ·
421 1230 671 1331 σιυρὸιιτοῦτοιι
684 1235 717 1307 ιν
732 1227 939 1335 ὀστρακίνοις
952 1227 1100 1307 metm
1118 1231 1205 1305 adeo
1220 1232 1282 1303 en't
1296 1232 1491 1321 immemor,
1516 1240 1555 1300 ut
1578 1232 1691 1304 dicere
1713 1236 1852 1328 audeat,
1876 1237 1999 1311 huma
2122 1294 2126 1305 .

421 1482 575 1553 asenaria
591 1481 711 1552 imbuti
724 1491 819 1552 erant
841 1492 876 1551 et
893 1482 1038 1553 innutriti
1062 1444 1209 1576 apostoli
1220 1483 1390 1575 ceterique
1405 1446 1490 1555 desu
1506 1484 1679 1574 aequales,
1712 1485 1890 1579 ipsumque
1912 1491 1999 1559 adeo
2100 1484 2103 1491 ’
2184 1468 2191 1491 ⁸

421 1606 575 1679 trudonis
597 1629 723 1700 genus,
756 1629 825 1699 quo
848 1607 933 1675 sacri
955 1606 1135 1700 scriptores
1158 1608 1207 1675 mi
1229 1615 1321 1695 sunt,
1347 1608 1379 1675 in
1398 1606 1489 1675 hunc
1503 1630 1641 1677 censum
1654 1610 1786 1680 cadere.
1841 1596 1945 1698 Quod
1972 1617 1999 1685 si

419 1753 536 1801 verum
549 1741 601 1801 est
616 1753 657 1803 ac
674 1731 719 1820 si,
745 1753 814 1822 quo
831 1732 935 1803 semel
954 1739 1006 1800 est
1021 1731 1149 1805 liubula
1162 1754 1301 1821 recens,
1327 1732 1471 1821 servabit
1486 1732 1626 1802 odorem
1647 1744 1733 1803 testa
1750 1734 1826 1845 diu,
1857 1736 1930 1826 quis
1949 1750 1999 1806 est
2133 1790 2135 1801 ,

419 1854 612 1949 theologiae
633 1856 842 1927 Cluistianae
862 1856 1064 1952 intelligens,
1098 1856 1178 1959 quin
1199 1857 1272 1949 ipse
1295 1856 1356 1927 eibi
1377 1856 1519 1947 orbique
1532 1855 1720 1927 Christiano
1736 1848 1998 1950 congratuletur,¹

416 1978 567 2079 Philonis¹
582 2005 655 2053 esse
668 1983 894 2081 theologiam,
927 2004 1014 2074 quae
1054 2003 1075 2049 a
1092 1980 1185 2051 libris
1209 1970 1416 2085 apocryphis
1444 1979 1574 2063 Veteris
1591 1968 1798 2050 Testamenti
1824 1974 1998 2055 transitmn¹

417 2114 516 2198 paret
533 2104 578 2176 ad
594 2108 685 2178 Novi
697 2107 859 2181 Foederis
873 2108 996 2197 libros,
1021 2128 1109 2197 quae
1123 2127 1189 2177 una
1206 2128 1284 2183 cum
1297 2085 1487 2205 notionibus
1502 2127 1617 2175 rerum
1632 2106 1835 2199 divimmm,
1868 2131 1996 2202 aequa-

416 2228 496 2299 lium
522 2230 607 2302 ·Jesu
625 2226 791 2326 propriis,
832 2231 953 2323 quibus
969 2228 1153 2301 continuari
1182 2229 1370 2299 doctrinam
1399 2228 1621 2299 Christianam
1647 2221 1797 2323 ιιιιιιιιι,ι
1837 2236 1997 2306 orationis

316 2440 321 2453 χ
350 2442 358 2457 „
416 2355 484 2424 vim
507 2366 541 2425 ct
561 2364 714 2426 naturam
730 2358 959 2450 apostolorum
981 2378 1023 2426 eo
1040 2357 1171 2450 planius
1189 2355 1339 2448 aperiat,
1372 2375 1442 2443 quo
1464 2352 1605 2447 propius
1635 2354 1812 2433 Philonem
1848 2360 1892 2429 ab
1914 2360 1997 2455 ipsis

364 2568 368 2577 ,
417 2481 582 2574 evangelii
599 2479 763 2553 natalibus
776 2480 895 2553 obesse
910 2481 1081 2572 videmus,
1105 2502 1194 2575 quae
1208 2478 1354 2569 denique
1368 2478 1482 2585 faciat,
1508 2488 1545 2546 ut
1560 2477 1673 2547 divina
1688 2481 1776 2551 Novi
1789 2482 1996 2557 Testamenti

416 2605 571 2695 macula,
596 2605 705 2699 prote
719 2605 893 2685 intellectis
908 2605 1043 2679 dicendi
1052 2605 1224 2695 formulis,
1256 2604 1319 2675 rite
1334 2602 1465 2696 possim
1481 2605 1553 2673 erui
1568 2604 1790 2697 sordibusque
1807 2621 1995 2703 expurgata

292 2742 299 2754 “
415 2750 477 2799 suo
496 2731 620 2799 lumine
635 2728 839 2824 splendere?
890 2728 984 2815 Qud
999 2728 1136 2821 quodsi
1153 2728 1300 2818 slirpram
1313 2727 1410 2797 nohis
1424 2728 1554 2796 alicubi
1579 2750 1677 2821 ιμιιι
1695 2729 1997 2806 tortcnareserva.

415 2850 483 2947 vit,'
498 2873 599 2950 posse
615 2874 696 2924 vero
710 2854 759 2922 rel
777 2852 986 2924 Olrdrdanae
1002 2878 1069 2924 non
1083 2863 1243 2946 tauquam
1258 2856 1378 2945 νοητοῦ
1392 2874 1496 2937 τινοςς
1523 2874 1639 2921 earum
1654 2855 1744 2923 eslim
1758 2874 1883 2943 rernm,
1909 2883 1997 2950 quae

414 2981 488 3050 sola
500 2987 613 3050 mente
631 2978 980 3073 comprehenduntur,
1006 2964 1164 3048 coelestia
1180 3002 1255 3051 esse
1271 2960 1398 3047 semina
1413 2978 1560 3062 constat3
1587 2977 1650 3046 sed
1669 2960 1828 3070 tauquam
1843 2991 1996 3079 persepe,

361 3120 364 3125 '
412 3131 470 3182 tce
482 3105 667 3200 primordia
680 3104 841 3179 historiae
854 3105 930 3175 luce
946 3105 1155 3195 collustrata,
1181 3098 1418 3201 demonstrari,
1444 3126 1512 3198 ego
1528 3101 1707 3205 equidem,
1734 3116 1893 3211 quantum
1910 3133 1992 3180 con·

407 3232 727 3333 jemumauquror,
751 3229 999 3323 condomare,
1024 3228 1351 3320 foreclimtempm,
1376 3227 1991 3321 quumintellipretChristiauitlree-
2041 3220 2044 3227 ¹

412 3358 501 3452 Ιορι,
525 3354 766 3426 Prometheum
786 3355 952 3449 evangelii
966 3355 1081 3447 ignem
1103 3353 1239 3422 stando
1253 3370 1428 3443 uunquam
1438 3352 1511 3421 uisi
1522 3351 1795 3425 mmmmm
1811 3350 2030 3461 allegoria-²

411 3504 489 3552 rum
511 3502 682 3550 sacrarum
704 3502 767 3573 per
790 3500 981 3572 synagogas
1004 3475 1214 3550 dudaeomm
1237 3474 1387 3548 scintillis
1411 3476 1594 3545 euricuisse
1645 3476 1731 3547 Sed
1737 3482 1887 3569 quamvis
1915 3484 2017 3570 sint,

413 3604 695 3705 quormjudicio
707 3592 794 3675 haec
805 3590 881 3674 talis
902 3624 999 3696 spes,
1025 3601 1052 3670 si
1068 3623 1135 3670 nou
1155 3598 1275 3701 impia
1277 3614 1311 3673 et
1327 3600 1470 3697 nesam,
1492 3588 1527 3669 at
1541 3576 1632 3670 ranis
1650 3605 1851 3675 somniorum
1869 3608 1990 3702 imagi·

413 3731 509 3823 uibus
524 3728 777 3801 edumuersma
792 3751 866 3804 esse
878 3727 1047 3817 vidntur,
1072 3725 1155 3797 illud
1168 3738 1273 3809 certe
1269 3730 1391 3822 negari
1404 3750 1475 3801 nou
1487 3734 1615 3821 potest,
1641 3725 1687 3794 ad
1701 3726 1859 3799 historiae
1876 3732 1989 3801 eccle-

414 3851 563 3924 serane
591 3853 784 3923 meumes
802 3854 955 3925 notitim
974 3876 995 3923 e
1018 3850 1168 3923 Philonis
1183 3851 1362 3946 thechglc
1371 3851 1487 3923 multis
1501 3850 1689 3923 nominihus
1703 3852 1846 3922 multum
1858 3854 1988 3948 profici.

413 3970 506 4045 Nihil
523 3976 609 4046 euim
628 3977 740 4047 fflcam
758 3976 802 4047 de
818 3974 992 4071 theologia
1004 3986 1039 4046 et
1051 3964 1280 4083 Christdlogia
1291 3971 1430 4046 Patrur'n
1442 3976 1604 4046 occheim
1617 3977 1754 4067 veteris,
1778 3976 1861 4049 nihil
1877 3979 1944 4050 de
1935 4004 1988 4061 rn-

356 4136 359 4143 ,
411 4101 617 4205 terpretaudi
631 4105 760 4175 ratione
775 4102 977 4197 allegorica,
1017 4124 1121 4193 quam
1141 4125 1184 4171 ex
1197 4100 1362 4171 Philoneo
1379 4100 1644 4171 loutelatissime
1663 4088 1888 4197 propagatam
1913 4129 1988 4176 esse

413 4233 560 4306 ιιιιιείιις
589 4248 656 4297 uuo
678 4229 750 4301 solo
764 4227 934 4322 defungar
945 4227 1101 4321 exemplo
1124 4225 1296 4319 doctrinae
1313 4206 1358 4295 de
1374 4206 1620 4312 contemnendo
1634 4247 1795 4318 ccrpore,
1828 4224 1873 4298 de
1898 4229 1987 4300 ritae
2108 4270 2110 4275 .

412 4340 1166 4445 mdtadeetsceticaequeeteontemphtirac
1183 4338 1356 4442 laudibus,
1388 4348 1613 4423 masuam
1635 4373 1677 4425 cc
1697 4351 1910 4447 virginitate,
1950 4363 1989 4425 nt

391 4524 394 4531 ·
411 4492 499 4571 quae
517 4473 704 4546 mortcimn
716 4479 819 4549 vitam
831 4476 876 4547 ud
889 4476 994 4570 ipsias
1006 4476 1071 4575 Dei
1084 4476 1283 4570 religionem
1299 4496 1341 4544 ac
1358 4474 1607 4547 metricum
1621 4475 1787 4567 adducat,
1814 4479 1987 4574 dignitate,

412 4620 500 4691 quae
513 4577 650 4690 quidem
666 4598 836 4692 doctrina,
863 4601 923 4670 etsi
935 4603 1138 4673 monasticae
1156 4602 1243 4672 vitae
1266 4594 1430 4693 originem
1448 4596 1582 4668 dedisse
1596 4609 1690 4689 recte
1704 4599 1844 4695 dcitm,
1875 4614 1987 4676 tumen

410 4710 539 4793 tantum
561 4722 675 4812 abest,
710 4732 749 4791 ut
759 4742 823 4817 per
833 4726 1033 4796 recentiores
1056 4722 1194 4795 demum
1208 4724 1399 4796 Platonicos
1413 4723 1448 4792 in
1460 4722 1637 4793 ecclesiam
1652 4724 1823 4819 inducta‚‘
1840 4740 1914 4820 aut,
1948 4741 1987 4802 ut

409 4847 574 4919 nonnullis
587 4847 710 4942 placet,
725 4846 770 4917 ab
780 4849 858 4941 ipsis
871 4849 959 4943 adeo
970 4850 1128 4946 apostolis
1142 4848 1299 4955 prolecta
1313 4848 1372 4935 sit,
1396 4856 1434 4919 ut
1447 4847 1491 4918 cb
1507 4834 1626 4920 ultima
1637 4849 1830 4943 antiquitate
1840 4852 1985 4949 repetito

1361 4984 1367 4993 .
1520 5004 1542 5053 ⁸
1550 4985 1573 5037 ρ
1997 5010 1999 5015 γ
